@book{arnold,
  title={Finite Element Exterior Calculus},
  author={Arnold, Douglas N},
  year={2018},
  publisher={SIAM}
}
@article{goldshtein,
    author = "{Gol'dshtein, V.M., Kuz'minov, V.I. \& Shvedov, I.A.}",
    title = "De Rham isomorphism of the Lp-cohomology of noncompact Riemannian manifolds",
    journal = "Sib Math J 29",
    volume = "322",
    number = "10",
    pages = "190--197",
    year = "1988"
}

@article{goldshtein_integration,
  title={Integration of differential forms of the classesW* p, q},
  author={Gol'dshtein, VM and Kuz'minov, VI and Shvedov, IA},
  journal={Siberian Mathematical Journal},
  volume={23},
  number={5},
  pages={640--653},
  year={1982},
  publisher={Springer}
}

%% add that it is a diploma thesis
\@thesis{nowaczyk, 
  author  = {Nowaczyk, N},
  school  = {Friedrich-Wilhelms-Universit√§t Bonn},
  title   = {The de Rham Isomorphism and the $L_p$-Cohomology
    of non-compact Riemannian Manifolds},
  year    = {2011},
  url     = {https://nikno.de/index.php/publications/ (last visited: 
                16.11.2022)},
}

@article{picard,
  title={Some decomposition theorems and their application to non-linear potential theory and Hodge theory},
  author={Picard, Rainer},
  journal={Mathematical methods in the applied sciences},
  volume={12},
  number={1},
  pages={35--52},
  year={1990},
  publisher={Wiley Online Library}
}

@book{schwarz,
  title={Hodge Decomposition--A method for solving boundary value problems},
  author={Schwarz, G{\"u}nter},
  year={2006},
  publisher={Springer}
}

@book{topology_and_geometry,
  title={Topology and geometry},
  author={Bredon, Glen E},
  series= {Graduate Texts in Mathematics},
  volume={139},
  year={2013},
  publisher={Springer}
}